@article{milnor1963groups,
  title = {Groups of Homotopy Spheres: I},
  author = {Milnor, John W and Kervaire, Michel A},
  journal = {Annals of Mathematics},
  volume = {77},
  number = {3},
  pages = {504--537},
  year = {1963},
  publisher = {Annals of Mathematics},
}
