@article{milnor1956manifolds,
  AUTHOR = {Milnor, John},
  TITLE = {On manifolds homeomorphic to the {$7$}-sphere},
  JOURNAL = {Ann. of Math. (2)},
  FJOURNAL = {Annals of Mathematics. Second Series},
  VOLUME = {64},
  YEAR = {1956},
  PAGES = {399--405},
  ISSN = {0003-486X},
  MRCLASS = {55.0X},
  MRNUMBER = {82103},
  MRREVIEWER = {J.\ C.\ Moore},
  DOI = {10.2307/1969983},
  URL = {https://doi.org/10.2307/1969983},
}

@incollection{milnor2000discovery,
  AUTHOR = {Milnor, John},
  TITLE = {Classification of {$(n-1)$}-connected {$2n$}-dimensional manifolds
           and the discovery of exotic spheres},
  BOOKTITLE = {Surveys on surgery theory, {V}ol. 1},
  SERIES = {Ann. of Math. Stud.},
  VOLUME = {145},
  PAGES = {25--30},
  PUBLISHER = {Princeton Univ. Press, Princeton, NJ},
  YEAR = {2000},
  ISBN = {0-691-04937-8; 0-691-04938-6},
  MRCLASS = {57-03 (01A60)},
  MRNUMBER = {1747528},
  MRREVIEWER = {Wies\l aw\ J.\ Ol\polhk edzki},
}

@book{milnor1963morse,
  AUTHOR = {Milnor, J.},
  TITLE = {Morse theory},
  SERIES = {Annals of Mathematics Studies},
  VOLUME = {No. 51},
  NOTE = {Based on lecture notes by M. Spivak and R. Wells},
  PUBLISHER = {Princeton University Press, Princeton, NJ},
  YEAR = {1963},
  PAGES = {vi+153},
  MRCLASS = {57.50 (53.72)},
  MRNUMBER = {163331},
  MRREVIEWER = {H.\ I.\ Levine},
}

@book{milnor1968hypersurfaces,
  AUTHOR = {Milnor, John},
  TITLE = {Singular points of complex hypersurfaces},
  SERIES = {Annals of Mathematics Studies},
  VOLUME = {No. 61},
  PUBLISHER = {Princeton University Press, Princeton, NJ; University of Tokyo
               Press, Tokyo},
  YEAR = {1968},
  PAGES = {iii+122},
  MRCLASS = {57.20 (14.00)},
  MRNUMBER = {239612},
  MRREVIEWER = {J.\ P.\ Levine},
}
